
@inproceedings{Klems2017TrustlessII,
  title={Trustless Intermediation in Blockchain-Based Decentralized Service Marketplaces},
  author={Markus Klems and Jacob Eberhardt and Stefan Tai and Steffen H{\"a}rtlein and Simon Buchholz and Ahmed Tidjani},
  booktitle={ICSOC},
  year={2017}
}

@inproceedings{westerkamp2019tawki,
  title={Tawki: Towards Self-Sovereign Social Communication},
  author={Westerkamp, Martin and G{\"o}nd{\"o}r, Sebastian and K{\"u}pper, Axel},
  year={2019}
}

@MISC{WEBSITE:1,
	HOWPUBLISHED = "\url{https://solidity.readthedocs.io/en/v0.5.10/}",
	title = "Solidity 0.5.3 documentation",
	year={2019}
}

@MISC{WEBSITE:2,
	HOWPUBLISHED = "\url{https://www.sofie-iot.eu/news/decentralized-marketplace-using-smart-contracts}",
	title = "Decentralized marketplace using smart contracts",
	year={2019}
}

@MISC{Metamask,
	HOWPUBLISHED = "\url{https://metamask.github.io/metamask-docs/}",
	title = "MetaMask documentation",
	year={2019}
}